<?xml version="1.0" encoding="UTF-8"?><collection xmlns="http://www.loc.gov/MARC21/slim"><record><leader>00341nam--2200133-i-4500</leader><controlfield tag="001">000018858</controlfield><controlfield tag="002">20161230</controlfield><controlfield tag="005">20161230201032</controlfield><controlfield tag="008">060222s1000------------r-----000-0-eng-d</controlfield><datafield ind1=" " ind2=" " tag="080"><subfield code="a">539.123</subfield></datafield><datafield ind1=" " ind2=" " tag="100"><subfield code="a">Consigny, E</subfield></datafield><datafield ind1=" " ind2=" " tag="245"><subfield code="a">Conclusion du run neutrino du 15.2 au 22.2 64</subfield></datafield><datafield ind1=" " ind2=" " tag="260"><subfield code="a">Meyrin, /Cern/, 1964. 2p. + 6 Pl. + 4 P</subfield></datafield><datafield ind1=" " ind2=" " tag="852"><subfield code="a">23923</subfield></datafield></record></collection>